<record><leader>00000cas a2200000Ma 4500</leader><controlfield tag="001">11102913</controlfield><controlfield tag="008">840829d18761877inuwr ne      0    0eng d</controlfield><datafield ind1=" " ind2=" " tag="010"><subfield code="a">sn 84023961 </subfield></datafield><datafield ind1=" " ind2=" " tag="040"><subfield code="a">AQM</subfield><subfield code="b">eng</subfield><subfield code="c">AQM</subfield><subfield code="d">OCLCQ</subfield></datafield><datafield ind1="0" ind2="4" tag="245"><subfield code="a">The Workingman's map.</subfield></datafield><datafield ind1="1" ind2="3" tag="246"><subfield code="a">Labor republic,</subfield><subfield code="f">Dec. 23, 1876</subfield></datafield><datafield ind1="1" ind2="3" tag="246"><subfield code="a">Workingman's map and labor republic,</subfield><subfield code="f">&lt;Feb. 3, 1877-May 5, 1877&gt;</subfield></datafield><datafield ind1=" " ind2=" " tag="260"><subfield code="a">Indianapolis, Ind. :</subfield><subfield code="b">Light, Bonnel &amp; Charleton</subfield></datafield><datafield ind1=" " ind2=" " tag="310"><subfield code="a">Weekly</subfield></datafield><datafield ind1="1" ind2=" " tag="362"><subfield code="a">Began with Mar. 18, 1876 issue; ceased in 1877?</subfield></datafield><datafield ind1=" " ind2=" " tag="500"><subfield code="a">Publishers: Calvin A. Light, George S. Bonnel, Joseph G. Carlton, 1876; Workingman's Co-operative Publishing Co., &lt;1876&gt;.</subfield></datafield><datafield ind1=" " ind2=" " tag="500"><subfield code="a">"A Labor paper."</subfield></datafield><datafield ind1=" " ind2=" " tag="588"><subfield code="a">Description based on: Vol. 1, no. 2 (Mar. 25, 1876).</subfield></datafield><datafield ind1=" " ind2="7" tag="655"><subfield code="a">Labor newspapers.</subfield><subfield code="2">ngl</subfield></datafield><datafield ind1=" " ind2=" " tag="752"><subfield code="a">United States</subfield><subfield code="b">Indiana</subfield><subfield code="c">Marion</subfield><subfield code="d">Indianapolis.</subfield></datafield><datafield ind1="0" ind2="0" tag="785"><subfield code="t">Indianapolis times (Indianapolis, Ind. : 1877)</subfield></datafield></record>